@book{ref1,
    author = "Autor1",
    title = "Título del libro o artículo",
    publisher = "Editorial",
    year = "Año"
}

@misc{terra_brasilis_dataset,
    author = {{Instituto Nacional de Pesquisas Espaciais (INPE)}},
    title = {Conjunto de Datos de Quemadas de TerraBrasilis},
    year = {2023},
    url = {http://terrabrasilis.dpi.inpe.br/queimadas/portal/dados-abertos/},
    note = {Datos abiertos sobre quemadas en Brasil proporcionados por INPE.}
}

@misc{terra_brasilis_dataset_focos,
    author = {{Instituto Nacional de Pesquisas Espaciais (INPE)}},
    title = {Conjunto de Datos de Quemadas de TerraBrasilis, Focos de Quemadas},
    year = {2023},
    url = {https://dataserver-coids.inpe.br/queimadas/queimadas/focos/csv/diario/Brasil/},
}

@misc{terra_brasilis_dataset_precipitacao,
    author = {{Instituto Nacional de Pesquisas Espaciais (INPE)}},
    title = {Conjunto de Datos de Quemadas de TerraBrasilis, Precipitación},
    year = {2023},
    url = {https://dataserver-coids.inpe.br/queimadas/queimadas/riscofogo_meteorologia/observado/precipitacao/?C=M;O=D},
}

@misc{terra_brasilis_dataset_temperatura,
    author = {{Instituto Nacional de Pesquisas Espaciais (INPE)}},
    title = {Conjunto de Datos de Quemadas de TerraBrasilis, Temperatura},
    year = {2023},
    url = {https://dataserver-coids.inpe.br/queimadas/queimadas/riscofogo_meteorologia/observado/temperatura/?C=M;O=D},
}

@misc{terra_brasilis_dataset_umidade_relativa,
    author = {{Instituto Nacional de Pesquisas Espaciais (INPE)}},
    title = {Conjunto de Datos de Quemadas de TerraBrasilis, Humedad Relativa},
    year = {2023},
    url = {https://dataserver-coids.inpe.br/queimadas/queimadas/riscofogo_meteorologia/observado/umidade_relativa/?C=M;O=D},
}

@misc{terra_brasilis_dataset_umidade_numero_dias_sem_chuva,
    author = {{Instituto Nacional de Pesquisas Espaciais (INPE)}},
    title = {Conjunto de Datos de Quemadas de TerraBrasilis, Número de Días sin Lluvia},
    year = {2023},
    url = {https://dataserver-coids.inpe.br/queimadas/queimadas/riscofogo_meteorologia/observado/numero_dias_sem_chuva/?C=M;O=D},
}

@misc{ppgcc_deep_learning_pinn_2023,
    author = {thiagodsd},
    title = {Physics-Informed Neural Network (PINN) for Solving Differential Equations - Graduate Course Project},
    year = {2023},
    howpublished = {GitHub repository},
    url = {https://github.com/thiagodsd/ppgcc-deep-learning-pinn/tree/wildfire},
    note = {Applying neural networks to solve differential equations in a deep learning graduate course project.},
    license = {MIT License}
}

@article{Dias2019,
    title = {An Incongruence-Based Anomaly Detection Strategy for Analyzing Water Pollution in Images from Remote Sensing},
    volume = {12},
    ISSN = {2072-4292},
    url = {http://dx.doi.org/10.3390/rs12010043},
    DOI = {10.3390/rs12010043},
    number = {1},
    journal = {Remote Sensing},
    publisher = {MDPI AG},
    author = {Dias,  Maurício Araújo and Silva,  Erivaldo Ant\^onio da and Azevedo,  Samara Cal\c{c}ado de and Casaca,  Wallace and Statella,  Thiago and Negri,  Rogério Galante},
    year = {2019},
    month = dec,
    pages = {43}
}

@article{Dias2022,
    title = {A Machine Learning Strategy Based on Kittler’s Taxonomy to Detect Anomalies and Recognize Contexts Applied to Monitor Water Bodies in Environments},
    volume = {14},
    ISSN = {2072-4292},
    url = {http://dx.doi.org/10.3390/rs14092222},
    DOI = {10.3390/rs14092222},
    number = {9},
    journal = {Remote Sensing},
    publisher = {MDPI AG},
    author = {Dias,  Maurício Araújo and Marinho,  Giovanna Carreira and Negri,  Rogério Galante and Casaca,  Wallace and Muñoz,  Ignácio Bravo and Eler,  Danilo Medeiros},
    year = {2022},
    month = may,
    pages = {2222}
}

@article{Huot2022,
    title = {Next Day Wildfire Spread: A Machine Learning Dataset to Predict Wildfire Spreading From Remote-Sensing Data},
    volume = {60},
    ISSN = {1558-0644},
    url = {http://dx.doi.org/10.1109/TGRS.2022.3192974},
    DOI = {10.1109/tgrs.2022.3192974},
    journal = {IEEE Transactions on Geoscience and Remote Sensing},
    publisher = {Institute of Electrical and Electronics Engineers (IEEE)},
    author = {Huot,  Fantine and Hu,  R. Lily and Goyal,  Nita and Sankar,  Tharun and Ihme,  Matthias and Chen,  Yi-Fan},
    year = {2022},
    pages = {1–13}
}

@misc{firms_1,
    doi = {10.5067/FIRMS/VIIRS/VJ114IMGT_NRT.002},
    url = {https://earthdata.nasa.gov/earth-observation-data/near-real-time/firms/vj114imgtdl-nrt},
    author = {Schroeder,   Wilfrid and {Land Atmosphere Near Real-Time Capability For EOS Fire Information For Resource Management System}},
    title = {VIIRS (NOAA-20/JPSS-1) I Band 375 m Active Fire locations NRT (Vector data)},
    publisher = {NASA Land Atmosphere Near real-time Capability for EOS Fire Information for Resource Management System},
    year = {2020}
}

@misc{firms_2,
    doi = {10.5067/FIRMS/VIIRS/VNP14IMGT_NRT.002},
    url = {https://earthdata.nasa.gov/earth-observation-data/near-real-time/firms/v1-vnp14imgt},
    author = {Schroeder,   Wilfrid and {Land Atmosphere Near Real-Time Capability For EOS Fire Information For Resource Management System}},
    title = {VIIRS (S-NPP) I Band 375 m Active Fire locations NRT (Vector data)},
    publisher = {NASA Land Atmosphere Near real-time Capability for EOS Fire Information for Resource Management System},
    year = {2020}
}

@misc{firms_3,
    doi = {10.5067/FIRMS/MODIS/MCD14DL.NRT.0061},
    url = {https://earthdata.nasa.gov/earth-observation-data/near-real-time/firms/mcd14dl},
    author = {{Land Atmosphere Near Real-Time Capability For EOS Fire Information For Resource Management System}},
    title = {MODIS/Aqua+Terra Thermal Anomalies/Fire locations 1km FIRMS V006 NRT (Vector data)},
    publisher = {NASA Land Atmosphere Near real-time Capability for EOS Fire Information for Resource Management System},
    year = {2021}
}

@misc{Programa72:online,
author = {},
title = {Programa Queimadas - INPE},
howpublished = {\url{http://terrabrasilis.dpi.inpe.br/queimadas/portal/faq/index.html}},
month = {},
year = {},
note = {(Accessed on 12/03/2023)}
}